<record><leader>02058cam a2200433 i 4500</leader><controlfield tag="001">6789440</controlfield><controlfield tag="005">20150119113934.0</controlfield><controlfield tag="006">m     o  d        </controlfield><controlfield tag="007">cr |||</controlfield><controlfield tag="008">141020t20152015flua    ob    001 0 eng d</controlfield><datafield ind1=" " ind2=" " tag="020"><subfield code="a">9781840766523</subfield><subfield code="q">electronic bk.</subfield></datafield><datafield ind1=" " ind2=" " tag="020"><subfield code="a">1840766522</subfield><subfield code="q">electronic bk.</subfield></datafield><datafield ind1=" " ind2=" " tag="020"><subfield code="z">9781840761948</subfield></datafield><datafield ind1=" " ind2=" " tag="020"><subfield code="z">1840761946</subfield></datafield><datafield ind1=" " ind2=" " tag="035"><subfield code="a">ocn897560755</subfield></datafield><datafield ind1=" " ind2=" " tag="039"><subfield code="a">exclude</subfield></datafield><datafield ind1=" " ind2=" " tag="040"><subfield code="a">CRCPR</subfield><subfield code="b">eng</subfield><subfield code="e">rda</subfield><subfield code="e">pn</subfield><subfield code="c">CRCPR</subfield><subfield code="d">OCLCO</subfield><subfield code="d">OCLCQ</subfield><subfield code="d">YDXCP</subfield><subfield code="d">EBLCP</subfield><subfield code="d">N$T</subfield><subfield code="d">AEU</subfield></datafield><datafield ind1=" " ind2="4" tag="050"><subfield code="a">SF951</subfield><subfield code="b">.E68 2015</subfield></datafield><datafield ind1=" " ind2="7" tag="072"><subfield code="a">TEC</subfield><subfield code="x">003020</subfield><subfield code="2">bisacsh</subfield></datafield><datafield ind1=" " ind2="4" tag="082"><subfield code="a">636.108928</subfield><subfield code="b">E648</subfield></datafield><datafield ind1=" " ind2=" " tag="090"><subfield code="a">Internet Access</subfield><subfield code="b">AOAC</subfield></datafield><datafield ind1="0" ind2="0" tag="245"><subfield code="a">Equine emergency and critical care medicine /</subfield><subfield code="c">[editors,] Louise L. Southwood, BVSc, PhD, DACVS, DACVECC, Associate Professor of Large Animal Emergency and Critical Care, Department of Clinical Studies--New Bolton Center, University of Pennsylvania School of Veterinary Medicine, Kennett Square, Pennsylvania, USA and Pamela A. Wilkins, DVM, MS, PhD, DACVIM, DACVECC, Professor, Veterinary Clinical Medicine, College of Veterinary Medicine, University of Illinois at Urbana-Champaign, Urbana, Illinois, USA.</subfield></datafield><datafield ind1=" " ind2="1" tag="264"><subfield code="a">Boca Raton :</subfield><subfield code="b">Taylor &amp; Francis,</subfield><subfield code="c">[2015]</subfield></datafield><datafield ind1=" " ind2="4" tag="264"><subfield code="c">&#169;2015</subfield></datafield><datafield ind1=" " ind2=" " tag="300"><subfield code="a">1 online resource :</subfield><subfield code="b">text file, PDF</subfield></datafield><datafield ind1=" " ind2=" " tag="336"><subfield code="a">text</subfield><subfield code="b">txt</subfield><subfield code="2">rdacontent</subfield></datafield><datafield ind1=" " ind2=" " tag="337"><subfield code="a">computer</subfield><subfield code="b">c</subfield><subfield code="2">rdamedia</subfield></datafield><datafield ind1=" " ind2=" " tag="338"><subfield code="a">online resource</subfield><subfield code="b">cr</subfield><subfield code="2">rdacarrier</subfield></datafield><datafield ind1=" " ind2=" " tag="504"><subfield code="a">Includes bibliographical references and index.</subfield></datafield><datafield ind1="0" ind2=" " tag="505"><subfield code="a">Part 1. Emergency medicine -- part 2. Critical care.</subfield></datafield><datafield ind1=" " ind2=" " tag="506"><subfield code="a">Access restricted to authorized users and institutions.</subfield></datafield><datafield ind1=" " ind2=" " tag="596"><subfield code="a">33</subfield></datafield><datafield ind1=" " ind2="0" tag="650"><subfield code="a">Horses</subfield><subfield code="x">Diseases</subfield><subfield code="x">Treatment.</subfield></datafield><datafield ind1=" " ind2="0" tag="650"><subfield code="a">Veterinary emergencies.</subfield></datafield><datafield ind1="1" ind2=" " tag="700"><subfield code="a">Southwood, Louise L.,</subfield><subfield code="e">editor.</subfield></datafield><datafield ind1="1" ind2=" " tag="700"><subfield code="a">Wilkins, Pamela,</subfield><subfield code="e">editor.</subfield></datafield><datafield ind1="4" ind2="0" tag="856"><subfield code="3">Olds College Access</subfield><subfield code="u">http://search.ebscohost.com/login.aspx?direct=true&amp;scope=site&amp;db=nlebk&amp;db=nlabk&amp;AN=569011</subfield></datafield><datafield ind1=" " ind2=" " tag="949"><subfield code="h">UAIN</subfield><subfield code="m">OLDS</subfield><subfield code="z">NETLIBOLDS</subfield></datafield><datafield ind1=" " ind2=" " tag="926"><subfield code="a">Internet Access</subfield><subfield code="w">LC</subfield><subfield code="c">1</subfield><subfield code="i">6789440-1001</subfield><subfield code="l">INTERNET</subfield><subfield code="m">OLDS</subfield><subfield code="r">Y</subfield><subfield code="s">Y</subfield><subfield code="t">E-RESOURCE</subfield><subfield code="u">1/27/2015</subfield><subfield code="x">E-BOOK</subfield><subfield code="z">EBSCOOLDP</subfield></datafield></record>